@article{article1,
    author = "L. A. Barroso and U. Hölzle.",
    title = "The Datacenter as a Computer: An Introduction to the Design of Warehouse-Scale Machines." ,
    journal = "Synthesis Lectures on Computer Architecture,",
    volume = "",
    number = "",
    pages = "",
    year = "2009",
    DOI = "",
    keywords = ""
}

@article{article2,
    author = "{P. Barham, B. Dragovic, K. Fraser, S. Hand, T. Harris, A. HO, R. Neugebauer, I. Pratt, A. Warfield}",
    title = "Xen and the art of virtualization." ,
    journal = "SOSP,",
    volume = "",
    number = "",
    pages = "",
    year = "2003",
    DOI = "",
    keywords = ""
}

@book{book1,
    title = {Welcome to zombieland: practical and energy-efficient memory disaggregation in a datacenter.},
    author = {{Vlad Nitu, Boris Teabe, Alain Tchana, Canturk Isci, Daniel Hagimont.}},
    isbn = {},
    series = {Proceedings of the Thirteenth EuroSys Conference, EuroSys 2018},
    year = {2018},
    publisher = {},
    keywords = {}
}
 
@online{online1,
  author = "{VMware Inc.}",
  title = "Gartner Says Worldwide Server Virtualization Market Is Reaching Its Peak",
  url = "http://www.gartner.com/newsroom/id/3315817",
  year = {2017},
  note = "[Consulté le 18 Août 2017]"
}
 
@online{online2,
  author = "Primalmotion",
  url ="https://commons.wikimedia.org/wiki/Special:Contributions/Primalmotion",
  title = "User contributions for Primalmotion",
  year = {2008},
  month = {8}
} 

@online{online3,
  author = "{Amazon Web Services Inc.}",
  title = "",
  url = "https://aws.amazon.com/ec2/",
  year = {},
  note = "[Consulté le 12 Août 2018]"
}

@inproceedings{DBLP:conf/eurosys/NituVlad,
  author    = {Vlad Nitu,Boris Teabe,Alain Tchana,Canturk Isci,Daniel Hagimont.},
  title     = {Welcome to zombieland: practical and energy-efficient memory disaggregation in a datacenter.},
  booktitle = {Proceedings of the Thirteenth EuroSys Conference, EuroSys 2018},
  pages     = {},
  year      = {2018},
  url       = {},
  doi       = {},
  timestamp = {},
  biburl    = {http://dblp.uni-trier.de/rec/bib/conf/eurosys/},
  bibsource = {dblp computer science bibliography, http://dblp.org}
}